<record xmlns="http://www.loc.gov/MARC21/slim" xmlns:xsi="http://www.w3.org/2001/XMLSchema-instance" xsi:schemaLocation="http://www.loc.gov/MARC21/slim http://www.loc.gov/standards/marcxml/schema/MARC21slim.xsd"><leader>     nam a22        4500</leader><controlfield tag="001">001679831</controlfield><controlfield tag="003">NNU</controlfield><controlfield tag="006">m        d        </controlfield><controlfield tag="007">cr cn |||m|||a</controlfield><controlfield tag="008">150313s1968    iq      ob    000 0 arax </controlfield><datafield ind1=" " ind2=" " tag="040"><subfield code="a">NNU</subfield><subfield code="b">eng</subfield><subfield code="c">NNU</subfield></datafield><datafield ind1="0" ind2=" " tag="050"><subfield code="a">PJ819.S5</subfield><subfield code="b">H3 1968</subfield></datafield><datafield ind1="1" ind2=" " tag="100"><subfield code="a">&#7716;am&#299;dah, &#699;Abd al-&#7716;as&#299;b &#7788;&#257;h&#257;.</subfield></datafield><datafield ind1="1" ind2="0" tag="245"><subfield code="a">Adab al-Sh&#299;&#699;ah il&#225; nih&#257;yat al-qarn al-th&#257;n&#299; al-Hijr&#299;</subfield><subfield code="h">[electronic resource] /</subfield><subfield code="c">bi-qalam &#699;Abd al-&#7716;as&#299;b &#7788;&#257;h&#257; &#7716;am&#299;dah.</subfield></datafield><datafield ind1=" " ind2=" " tag="250"><subfield code="a">[al-&#7788;ab&#699;ah 2]</subfield></datafield><datafield ind1=" " ind2=" " tag="260"><subfield code="a">[Baghd&#257;d,</subfield><subfield code="b">Maktabat al-Muthann&#225;,</subfield><subfield code="c">1968]</subfield></datafield><datafield ind1=" " ind2=" " tag="300"><subfield code="a">online resource (384 p.)</subfield></datafield><datafield ind1=" " ind2=" " tag="500"><subfield code="a">In Arabic.</subfield></datafield><datafield ind1=" " ind2=" " tag="500"><subfield code="a">Cover title: Adab e'Chiaa ela nihayet el qarn el thani el Hegri, by Abdel Hassib Taha Homad.</subfield></datafield><datafield ind1=" " ind2=" " tag="500"><subfield code="a">Part of the Arabic Collections Online (ACO) project, contributed by New York Univeristy Libraries.</subfield></datafield><datafield ind1=" " ind2=" " tag="504"><subfield code="a">Bibliography: p. [376]-381.</subfield></datafield><datafield ind1=" " ind2=" " tag="533"><subfield code="a">Electronic reproduction.</subfield><subfield code="b">New York, N.Y. :</subfield><subfield code="c">New York University,</subfield><subfield code="d">2015.</subfield><subfield code="5">NNU</subfield></datafield><datafield ind1=" " ind2="0" tag="650"><subfield code="a">Shiite literature.</subfield></datafield><datafield ind1="2" ind2=" " tag="710"><subfield code="a">New York University.</subfield><subfield code="b">Libraries.</subfield></datafield><datafield ind1="0" ind2=" " tag="730"><subfield code="a">Arabic Collections Online.</subfield></datafield><datafield ind1="0" ind2="8" tag="776"><subfield code="i">Print version:</subfield><subfield code="a">&#7716;am&#299;dah, &#699;Abd al-&#7716;as&#299;b &#7788;&#257;h&#257;.</subfield><subfield code="t">Adab al-Sh&#299;&#699;ah il&#225; nih&#257;yat al-qarn al-th&#257;n&#299; al-Hijr&#299;</subfield><subfield code="w">(NNU)001679831</subfield><subfield code="w">(DLC)74960158</subfield></datafield><datafield ind1="4" ind2="0" tag="856"><subfield code="u">http://hdl.handle.net/2333.1/1g1jww3w</subfield></datafield><datafield ind1=" " ind2=" " tag="959"><subfield code="a">NNU</subfield><subfield code="b">WEB</subfield><subfield code="c">GENI</subfield><subfield code="t">0</subfield><subfield code="m">Electronic access</subfield><subfield code="s">01</subfield></datafield><datafield ind1=" " ind2=" " tag="999"><subfield code="i">NNU_001679831</subfield><subfield code="s">nyu_aco000492</subfield><subfield code="e">(ERROR-880)</subfield></datafield></record>